<record><leader>00000cas a22000007a 4500</leader><controlfield tag="001">18524694</controlfield><controlfield tag="008">880923d18951897laudn ne      0    0eng d</controlfield><datafield ind1=" " ind2=" " tag="010"><subfield code="a">sn 88064637 </subfield></datafield><datafield ind1=" " ind2=" " tag="040"><subfield code="a">LNP</subfield><subfield code="b">eng</subfield><subfield code="c">LNP</subfield><subfield code="d">OCLCQ</subfield></datafield><datafield ind1=" " ind2=" " tag="042"><subfield code="a">msc</subfield></datafield><datafield ind1="0" ind2="4" tag="245"><subfield code="a">The Evening judge.</subfield></datafield><datafield ind1="3" ind2="0" tag="246"><subfield code="a">Sunday judge</subfield></datafield><datafield ind1=" " ind2=" " tag="260"><subfield code="a">Shreveport, La. :</subfield><subfield code="b">[s.n.]</subfield></datafield><datafield ind1=" " ind2=" " tag="300"><subfield code="a">v.</subfield></datafield><datafield ind1=" " ind2=" " tag="310"><subfield code="a">Daily (except Sat.)</subfield></datafield><datafield ind1="1" ind2=" " tag="362"><subfield code="a">Began in 1895?</subfield></datafield><datafield ind1="0" ind2=" " tag="362"><subfield code="a">-v. 3, no. [6] (Jan. 15, 1897).</subfield></datafield><datafield ind1=" " ind2=" " tag="500"><subfield code="a">On Sunday published as: The Sunday judge.</subfield></datafield><datafield ind1=" " ind2=" " tag="588"><subfield code="a">Description based on: Vol. 1, no. 148 (June 24, 1895).</subfield></datafield><datafield ind1=" " ind2=" " tag="752"><subfield code="a">United States</subfield><subfield code="b">Louisiana</subfield><subfield code="c">Caddo</subfield><subfield code="d">Shreveport.</subfield></datafield><datafield ind1="0" ind2="0" tag="785"><subfield code="t">Shreveport evening judge</subfield><subfield code="w">(DLC)sn 88064638</subfield></datafield><datafield ind1="1" ind2=" " tag="029"><subfield code="a">AU@</subfield><subfield code="b">000025826540</subfield></datafield></record>